@article{egnal2000mutual,
  title={Mutual information as a stereo correspondence measure},
  author={Egnal, Geoffrey},
  journal={Technical Reports (CIS)},
  pages={113},
  year={2000}
}

@Book{locv,
author = {Bradski, Gary and Kaehler, Adrian},
title = {Learning OpenCV},
publisher = {O'Reilly Media},
year      = {2008},
edition  = {1},
}

@Book{springer,
author = {Siciliano, Bruno and Khatib, Oussama},
title = {Springer Handbook of Robotics},
publisher = {springer},
year      = {2008},
chapter  = {22},
}


@ONLINE{opencv,
title = {Homepage of OpenCV, the program for implementing the vision algorithms.},
month = may,
year = {2014},
howpublished = "\url{http://opencv.org/}"
}

