@article{Wang2005,
author = {Wang, B. and Jiang, L. and Li, J.W. and Cai, H.G. and Liu, H.},
doi = {10.1109/AIM.2005.1511025},
file = {:home/kent/storage/Dropbox/literature/2005/Wang et al/2005 - Grasping unknown objects based on 3d model reconstruction.pdf:pdf},
isbn = {0-7803-9047-4},
journal = {Proceedings, 2005 IEEE/ASME International Conference on Advanced Intelligent Mechatronics.},
pages = {461--466},
publisher = {Ieee},
title = {{Grasping unknown objects based on 3d model reconstruction}},
url = {http://ieeexplore.ieee.org/lpdocs/epic03/wrapper.htm?arnumber=1511025},
year = {2005}
}

@article{Wu2007,
author = {Wu, Xue-mei and Li, Gui-xian},
doi = {10.1109/CIS.Workshops.2007.110},
file = {:home/kent/storage/Dropbox/literature/2007/Wu, Li/2007 - Sparseness Points Cloud Data Surface Reconstruction based on Radial Basis Function Neural Network ( RBFNN ) and Simulated Anneali.pdf:pdf},
isbn = {0769530737},
pages = {881--884},
title = {{Sparseness Points Cloud Data Surface Reconstruction based on Radial Basis Function Neural Network ( RBFNN ) and Simulated Annealing Arithmetic *}},
year = {2007}
}

@article{Bernardini1999,
author = {Bernardini, F. and Mittleman, J. and Rushmeier, H. and Silva, C. and Taubin, G.},
doi = {10.1109/2945.817351},
file = {:home/kent/storage/Dropbox/literature/1999/Bernardini et al/1999 - The ball-pivoting algorithm for surface reconstruction.pdf:pdf},
issn = {10772626},
journal = {IEEE Transactions on Visualization and Computer Graphics},
keywords = {3d scanning,point cloud,range image,shape reconstruction},
number = {4},
pages = {349--359},
title = {{The ball-pivoting algorithm for surface reconstruction}},
url = {http://ieeexplore.ieee.org/lpdocs/epic03/wrapper.htm?arnumber=817351},
volume = {5},
year = {1999}
}

@article{Amenta2001,
author = {Amenta, Nina and Choi, Sunghee and Kolluri, Ravi Krishna},
doi = {10.1016/S0925-7721(01)00017-7},
file = {:home/kent/storage/Dropbox/literature/2001/Amenta, Choi, Kolluri/2001 - The power crust, unions of balls, and the medial axis transform.pdf:pdf},
issn = {09257721},
journal = {Computational Geometry},
keywords = {medial axis,power diagram,surface reconstruction},
month = jul,
number = {2-3},
pages = {127--153},
title = {{The power crust, unions of balls, and the medial axis transform}},
url = {http://linkinghub.elsevier.com/retrieve/pii/S0925772101000177},
volume = {19},
year = {2001}
}

@article{Kazhdan2006,
author = {Kazhdan, Michael and Bolitho, Matthew and Hoppe, Hugues},
title = {{Poisson Surface Reconstruction}},
year = {2006}
}

@article{Peizhi2013,
author = {Peizhi, W E N and Qilin, Shao and Ruhua, Ning and Wenxin, Zhang},
file = {:home/kent/storage/Dropbox/literature/Unknown/Peizhi et al/Unknown - Non-Closed Surface Reconstruction Based on Wavelet Trans-Form and Maximum Blurred Entropy.pdf:pdf},
keywords = {psr,surface reconstruction,wavelet trans-form},
pages = {8088--8091},
title = {{Non-Closed Surface Reconstruction Based on Wavelet Trans-Form and Maximum Blurred Entropy}},
year = {2013}
}

@article{Manson2008,
author = {Manson, J. and Petrova, G. and Schaefer, S.},
doi = {10.1111/j.1467-8659.2008.01281.x},
issn = {01677055},
journal = {Computer Graphics Forum},
month = {jul},
number = {5},
pages = {1411--1420},
title = {{Streaming Surface Reconstruction Using Wavelets}},
url = {http://doi.wiley.com/10.1111/j.1467-8659.2008.01281.x},
volume = {27},
year = {2008}
}

@article{Dong2011,
author = {Dong, Bin and Shen, Zuowei},
doi = {10.1016/j.jcp.2011.07.022},
file = {:home/kent/storage/Dropbox/literature/2011/Dong, Shen/2011 - Wavelet frame based surface reconstruction from unorganized points.pdf:pdf},
issn = {00219991},
journal = {Journal of Computational Physics},
keywords = {surface reconstruction},
month = sep,
number = {22},
pages = {8247--8255},
publisher = {Elsevier Inc.},
title = {{Wavelet frame based surface reconstruction from unorganized points}},
url = {http://linkinghub.elsevier.com/retrieve/pii/S0021999111004505},
volume = {230},
year = {2011}
}

@article{Ledoux2007,
author = {Ledoux, Hugo},
doi = {10.1109/ISVD.2007.10},
file = {:home/kent/storage/Dropbox/literature/2007/Ledoux/2007 - Computing the 3D Voronoi Diagram Robustly An Easy Explanation.pdf:pdf},
isbn = {0-7695-2869-4},
journal = {4th International Symposium on Voronoi Diagrams in Science and Engineering (ISVD 2007)},
month = jul,
number = {Isvd},
pages = {117--129},
publisher = {Ieee},
title = {{Computing the 3D Voronoi Diagram Robustly: An Easy Explanation}},
url = {http://ieeexplore.ieee.org/lpdocs/epic03/wrapper.htm?arnumber=4276112},
year = {2007}
}

